<?xml version="1.0" encoding="UTF-8"?>
<record xmlns="http://www.loc.gov/MARC21/slim">
   <leader>01015cam a2200241 a 4500</leader>
   <controlfield tag="001">1437132</controlfield>
   <controlfield tag="003">NjP</controlfield>
   <controlfield tag="005">20170613155102.0</controlfield>
   <controlfield tag="008">910718q19521980ua            000 0 arard</controlfield>
   <datafield tag="024" ind1="7" ind2=" ">
      <subfield code="a">princeton_aco003663</subfield>
      <subfield code="2">local</subfield>
   </datafield>
   <datafield ind1=" " ind2=" " tag="035">
      <subfield code="a">(OCoLC)ocm24096533</subfield>
   </datafield>
   <datafield ind1=" " ind2=" " tag="035">
      <subfield code="9">CEJ1852TS</subfield>
   </datafield>
   <datafield ind1=" " ind2=" " tag="040">
      <subfield code="a">GZM</subfield>
      <subfield code="c">GZM</subfield>
      <subfield code="d">PUL</subfield>
   </datafield>
   <datafield ind1="1" ind2=" " tag="041">
      <subfield code="a">ara</subfield>
      <subfield code="h">eng</subfield>
   </datafield>
   <datafield ind1="1" ind2=" " tag="100">
      <subfield code="a">Viner, Jacob,</subfield>
      <subfield code="d">1892-1970.</subfield>
      <subfield code="0">http://id.loc.gov/authorities/names/n83065444</subfield>
   </datafield>
   <datafield ind1="1" ind2="0" tag="240">
      <subfield code="a">International trade and economic development.</subfield>
      <subfield code="l">Arabic</subfield>
   </datafield>
   <datafield ind1="1" ind2="3" tag="245">
      <subfield code="a">al-Tijārah al-dawlīyah wa-al-tanmiyah al-iqtiṣādīyah /</subfield>
      <subfield code="c">taʾlīf Jīkūb Fāynar, tarjamat Sunnī al-Laqqanī.</subfield>
   </datafield>
   <datafield ind1=" " ind2=" " tag="260">
      <subfield code="a">[Cairo] :</subfield>
      <subfield code="b">Maktabat al-Anjilū al-Miṣrīyah,</subfield>
      <subfield code="c">[19--?]</subfield>
   </datafield>
   <datafield ind1=" " ind2=" " tag="300">
      <subfield code="a">283 p.</subfield>
      <subfield code="c">20 cm.</subfield>
   </datafield>
   <datafield ind1=" " ind2=" " tag="500">
      <subfield code="a">His International trade and economic development, tr. into Arabic by S. al-Laqānī.</subfield>
   </datafield>
   <datafield ind1=" " ind2="0" tag="650">
      <subfield code="a">International trade.</subfield>
      <subfield code="0">http://id.loc.gov/authorities/subjects/sh87004890</subfield>
   </datafield>
   <datafield ind1=" " ind2="0" tag="650">
      <subfield code="a">Commercial policy.</subfield>
      <subfield code="0">http://id.loc.gov/authorities/subjects/sh85028953</subfield>
   </datafield>
   <datafield ind1="1" ind2=" " tag="700">
      <subfield code="a">Laqqānī, Sunnī.</subfield>
   </datafield>
   <datafield ind1=" " ind2=" " tag="947">
      <subfield code="a">CEJ1852</subfield>
   </datafield>
   <datafield ind1=" " ind2=" " tag="911">
      <subfield code="a">19990206</subfield>
   </datafield>
   <datafield ind1="0" ind2="0" tag="852">
      <subfield code="0">1648311</subfield>
      <subfield code="b">rcppa</subfield>
      <subfield code="t">0</subfield>
      <subfield code="h">HF1007.V771</subfield>
      <subfield code="x">tr fr f</subfield>
   </datafield>
   <datafield ind1=" " ind2=" " tag="959">
      <subfield code="a">2000-06-13 00:00:00 -0400</subfield>
   </datafield>
</record>
